@phdthesis{sssth,
    author    = "Amos Beimel",
    title     = "Secure Schemes for Secret Sharing and Key Distribution",
    school    = "Israel Institute of Technology",
    year      = "1996",
    month    = "June"
}

@misc{kpabe,
	author	= "Vipul Goyal, Omkant Pandey, Amit Sahai, Brent Waters",
	title	= "Attribute-Based Encryption for Fine-Grained Access Control of Encrypted Data"
	
}

@misc{maya3,
	author	= "European Network of Excellence in Cryptology II",
	title	= "Main Computational Assumptions in Cryptography"
}

@book{crittoalice,
	author = "Daniele Venturi",
	title = "Crittografia nel Paese delle Meraviglie",
	publisher = "Springer",
	year = "2012",
}
@misc{weil,
	author="Dan Boneh, Matthew Franklin",
	title="Identity-Based Encryption from the Weil Pairing",
	publisher="Appears in SIAM J. of Computing, Vol. 32, No. 3, pp. 586-615, 2003. An extended abstract of this paper appears in the Proceedings of Crypto 2001, volume 2139 of Lecture Notes in Computer Science, pages 213–229, Springer-Verlag, 2001."
}
@misc{mov,
	author="A. Menezes, T. Okamoto, S. Vanstone",
	title= "Reducing elliptic curve logarithms to logarithms in a finite field",
	publisher = " IEEE Tran. on Info. Th., Vol. 39, pp. 1639–1646",
	year = "1993"
}
@phdthesis{benoit,
    author    = "Benoit Libert",
    title     = "New Secure Applications of Bilinear Maps in Cryptography",
    school    = "Université Catholique de Louvain",
    year      = "2006"
}
@phdthesis{maas,
    author    = "Martijn Maas",
    title     = "Pairing-Based Cryptography",
    school    = "Technische Universiteit Eindhoven",
    year      = "2004"
}
@misc{nict,
	author = "NICT",
	title = "Kyushu University and Fujitsu Laboratories Achieve World Record Cryptanalysis of Next-Generation Cryptography",
	note = "\url{http://www.nict.go.jp/en/press/2012/06/18en-1.html}",
	year = "2012"
}
@misc{kpabe2,
	title="Ciphertext-Policy Attribute-Based Encryption",
	author="John Bethencourt, Amit Sahai, Brent Waters"
}
@misc{cse,
	title="What is Attribute Based Encryption?",
	author="DrLecter",
	note="\url{http://crypto.stackexchange.com/questions/17893/what-is-attribute-based-encryption}"
}